<record><leader>00000cas a22000007a 4500</leader><controlfield tag="001">29265099</controlfield><controlfield tag="008">931108d18721874cauwr ne      0    0eng d</controlfield><datafield ind1=" " ind2=" " tag="010"><subfield code="a">sn 93052163 </subfield></datafield><datafield ind1=" " ind2=" " tag="040"><subfield code="a">CUY</subfield><subfield code="b">eng</subfield><subfield code="c">CNK</subfield><subfield code="d">OCLCQ</subfield></datafield><datafield ind1=" " ind2=" " tag="042"><subfield code="a">msc</subfield></datafield><datafield ind1="0" ind2="0" tag="245"><subfield code="a">Tehama independent.</subfield></datafield><datafield ind1=" " ind2=" " tag="260"><subfield code="a">Tehama, Calif. :</subfield><subfield code="b">C.D. Woodman</subfield></datafield><datafield ind1=" " ind2=" " tag="300"><subfield code="a">v.</subfield></datafield><datafield ind1=" " ind2=" " tag="310"><subfield code="a">Weekly</subfield></datafield><datafield ind1="1" ind2=" " tag="362"><subfield code="a">Began in Mar. 1872.</subfield></datafield><datafield ind1="0" ind2=" " tag="362"><subfield code="a">-v. 15, no. 12 (Oct. 3, 1874).</subfield></datafield><datafield ind1=" " ind2=" " tag="588"><subfield code="a">Description based on: Vol. 12, no. 38 (Mar. 16, 1872).</subfield></datafield><datafield ind1=" " ind2="4" tag="651"><subfield code="a">Tehama (Calif.)</subfield><subfield code="v">Newspapers.</subfield></datafield><datafield ind1=" " ind2=" " tag="752"><subfield code="a">United States</subfield><subfield code="b">California</subfield><subfield code="c">Tehama</subfield><subfield code="d">Tehama.</subfield></datafield><datafield ind1="0" ind2="0" tag="780"><subfield code="t">Red Bluff independent</subfield><subfield code="w">(DLC)sn 93052162</subfield></datafield><datafield ind1="0" ind2="0" tag="785"><subfield code="t">People's cause (Red Bluff, Calif.)</subfield><subfield code="w">(DLC)sn 84026983</subfield></datafield><datafield ind1="1" ind2=" " tag="029"><subfield code="a">AU@</subfield><subfield code="b">000025899745</subfield></datafield></record>